%% This BibTeX bibliography file was created using BibDesk.
%% http://bibdesk.sourceforge.net/

%% Created for Paolo at 2017-06-14 10:47:36 +0200 


%% Saved with string encoding Unicode (UTF-8) 



@article{Riel1996,
	Author = {Arthur J. Riel},
	Date-Added = {2017-06-14 08:45:08 +0000},
	Date-Modified = {2017-06-14 08:47:36 +0000},
	Journal = {Addison-Wesley, Boston MA},
	Title = {Object-Oriented Design Heuristics},
	Year = {1996}}

@article{Wett07b,
	Author = {Richard Wettel and Michele Lanza},
	Date-Added = {2017-05-28 15:24:22 +0000},
	Date-Modified = {2017-05-28 15:24:53 +0000},
	Title = {Visualizing Software Systems as Cities},
	Year = {2007}}

@article{Wett2008a,
	Author = {Richard Wettel and Michele Lanza},
	Date-Added = {2017-05-28 15:20:45 +0000},
	Date-Modified = {2017-05-28 15:23:15 +0000},
	Title = {CodeCity 3D Visualization of Large-Scale Software},
	Year = {2008}}

@article{Wett2008b,
	Author = {Richard Wettel and Michele Lanza},
	Date-Added = {2017-05-28 15:23:50 +0000},
	Date-Modified = {2017-05-28 15:24:31 +0000},
	Title = {CodeCity},
	Year = {2008}}
